%YAML 1.1
%TAG !u! tag:unity3d.com,2011:
--- !u!29 &1
OcclusionCullingSettings:
  m_ObjectHideFlags: 0
  serializedVersion: 2
  m_OcclusionBakeSettings:
    smallestOccluder: 5
    smallestHole: 0.25
    backfaceThreshold: 100
  m_SceneGUID: 00000000000000000000000000000000
  m_OcclusionCullingData: {fileID: 0}
--- !u!104 &2
RenderSettings:
  m_ObjectHideFlags: 0
  serializedVersion: 9
  m_Fog: 0
  m_FogColor: {r: 0.5, g: 0.5, b: 0.5, a: 1}
  m_FogMode: 3
  m_FogDensity: 0.01
  m_LinearFogStart: 0
  m_LinearFogEnd: 300
  m_AmbientSkyColor: {r: 0.212, g: 0.227, b: 0.259, a: 1}
  m_AmbientEquatorColor: {r: 0.114, g: 0.125, b: 0.133, a: 1}
  m_AmbientGroundColor: {r: 0.047, g: 0.043, b: 0.035, a: 1}
  m_AmbientIntensity: 1
  m_AmbientMode: 0
  m_SubtractiveShadowColor: {r: 0.42, g: 0.478, b: 0.627, a: 1}
  m_SkyboxMaterial: {fileID: 0}
  m_HaloStrength: 0.5
  m_FlareStrength: 1
  m_FlareFadeSpeed: 3
  m_HaloTexture: {fileID: 0}
  m_SpotCookie: {fileID: 10001, guid: 0000000000000000e000000000000000, type: 0}
  m_DefaultReflectionMode: 0
  m_DefaultReflectionResolution: 128
  m_ReflectionBounces: 1
  m_ReflectionIntensity: 1
  m_CustomReflection: {fileID: 0}
  m_Sun: {fileID: 0}
  m_IndirectSpecularColor: {r: 191.18825, g: 270.77435, b: 431.0285, a: 1}
  m_UseRadianceAmbientProbe: 0
--- !u!157 &3
LightmapSettings:
  m_ObjectHideFlags: 0
  serializedVersion: 11
  m_GIWorkflowMode: 0
  m_GISettings:
    serializedVersion: 2
    m_BounceScale: 1
    m_IndirectOutputScale: 1
    m_AlbedoBoost: 1
    m_EnvironmentLightingMode: 0
    m_EnableBakedLightmaps: 1
    m_EnableRealtimeLightmaps: 0
  m_LightmapEditorSettings:
    serializedVersion: 12
    m_Resolution: 2
    m_BakeResolution: 16
    m_AtlasSize: 4096
    m_AO: 0
    m_AOMaxDistance: 1
    m_CompAOExponent: 1
    m_CompAOExponentDirect: 0
    m_ExtractAmbientOcclusion: 0
    m_Padding: 2
    m_LightmapParameters: {fileID: 0}
    m_LightmapsBakeMode: 1
    m_TextureCompression: 1
    m_FinalGather: 0
    m_FinalGatherFiltering: 1
    m_FinalGatherRayCount: 256
    m_ReflectionCompression: 0
    m_MixedBakeMode: 0
    m_BakeBackend: 2
    m_PVRSampling: 1
    m_PVRDirectSampleCount: 32
    m_PVRSampleCount: 300
    m_PVRBounces: 2
    m_PVREnvironmentSampleCount: 300
    m_PVREnvironmentReferencePointCount: 2048
    m_PVRFilteringMode: 2
    m_PVRDenoiserTypeDirect: 0
    m_PVRDenoiserTypeIndirect: 2
    m_PVRDenoiserTypeAO: 0
    m_PVRFilterTypeDirect: 0
    m_PVRFilterTypeIndirect: 2
    m_PVRFilterTypeAO: 0
    m_PVREnvironmentMIS: 1
    m_PVRCulling: 1
    m_PVRFilteringGaussRadiusDirect: 1
    m_PVRFilteringGaussRadiusIndirect: 5
    m_PVRFilteringGaussRadiusAO: 2
    m_PVRFilteringAtrousPositionSigmaDirect: 0.5
    m_PVRFilteringAtrousPositionSigmaIndirect: 2
    m_PVRFilteringAtrousPositionSigmaAO: 1
    m_ExportTrainingData: 0
    m_TrainingDataDestination: TrainingData
  m_LightingDataAsset: {fileID: 112000000, guid: 56e85d5dc4d99b24f9b01a6f086bd74d,
    type: 2}
  m_UseShadowmask: 0
--- !u!196 &4
NavMeshSettings:
  serializedVersion: 2
  m_ObjectHideFlags: 0
  m_BuildSettings:
    serializedVersion: 2
    agentTypeID: 0
    agentRadius: 0.5
    agentHeight: 2
    agentSlope: 45
    agentClimb: 0.4
    ledgeDropHeight: 0
    maxJumpAcrossDistance: 0
    minRegionArea: 2
    manualCellSize: 0
    cellSize: 0.16666667
    manualTileSize: 0
    tileSize: 256
    accuratePlacement: 0
    debug:
      m_Flags: 0
  m_NavMeshData: {fileID: 0}
--- !u!1 &90220812
GameObject:
  m_ObjectHideFlags: 0
  m_CorrespondingSourceObject: {fileID: 0}
  m_PrefabInstance: {fileID: 0}
  m_PrefabAsset: {fileID: 0}
  serializedVersion: 6
  m_Component:
  - component: {fileID: 90220813}
  m_Layer: 0
  m_Name: --Technical
  m_TagString: Untagged
  m_Icon: {fileID: 0}
  m_NavMeshLayer: 0
  m_StaticEditorFlags: 0
  m_IsActive: 1
--- !u!4 &90220813
Transform:
  m_ObjectHideFlags: 0
  m_CorrespondingSourceObject: {fileID: 0}
  m_PrefabInstance: {fileID: 0}
  m_PrefabAsset: {fileID: 0}
  m_GameObject: {fileID: 90220812}
  m_LocalRotation: {x: 0, y: 0, z: 0, w: 1}
  m_LocalPosition: {x: -1.5024973, y: 3.8759596, z: 6.1063094}
  m_LocalScale: {x: 1, y: 1, z: 1}
  m_Children: []
  m_Father: {fileID: 0}
  m_RootOrder: 1
  m_LocalEulerAnglesHint: {x: 0, y: 0, z: 0}
--- !u!4 &206613518 stripped
Transform:
  m_CorrespondingSourceObject: {fileID: 3616874430685265861, guid: 88bdc04110dce1541bc92d8299e03a9f,
    type: 3}
  m_PrefabInstance: {fileID: 3616874430880331148}
  m_PrefabAsset: {fileID: 0}
--- !u!1 &480599360
GameObject:
  m_ObjectHideFlags: 0
  m_CorrespondingSourceObject: {fileID: 0}
  m_PrefabInstance: {fileID: 0}
  m_PrefabAsset: {fileID: 0}
  serializedVersion: 6
  m_Component:
  - component: {fileID: 480599361}
  m_Layer: 0
  m_Name: RenderSettings
  m_TagString: Untagged
  m_Icon: {fileID: 0}
  m_NavMeshLayer: 0
  m_StaticEditorFlags: 0
  m_IsActive: 1
--- !u!4 &480599361
Transform:
  m_ObjectHideFlags: 0
  m_CorrespondingSourceObject: {fileID: 0}
  m_PrefabInstance: {fileID: 0}
  m_PrefabAsset: {fileID: 0}
  m_GameObject: {fileID: 480599360}
  m_LocalRotation: {x: 0, y: 0, z: 0, w: 1}
  m_LocalPosition: {x: -1.5024973, y: 3.8759596, z: 6.1063094}
  m_LocalScale: {x: 1, y: 1, z: 1}
  m_Children:
  - {fileID: 579049708}
  - {fileID: 898292437}
  - {fileID: 206613518}
  m_Father: {fileID: 0}
  m_RootOrder: 4
  m_LocalEulerAnglesHint: {x: 0, y: 0, z: 0}
--- !u!115 &483944395
MonoScript:
  m_ObjectHideFlags: 0
  m_CorrespondingSourceObject: {fileID: 0}
  m_PrefabInstance: {fileID: 0}
  m_PrefabAsset: {fileID: 0}
  m_Name: 
  serializedVersion: 5
  m_Script: 
  m_DefaultReferences: {}
  m_Icon: {fileID: 0}
  m_ExecutionOrder: 0
  m_ClassName: SceneObjectIDMapSceneAsset
  m_Namespace: UnityEngine.Experimental.Rendering.HDPipeline
--- !u!1 &518743807
GameObject:
  m_ObjectHideFlags: 0
  m_CorrespondingSourceObject: {fileID: 0}
  m_PrefabInstance: {fileID: 0}
  m_PrefabAsset: {fileID: 0}
  serializedVersion: 6
  m_Component:
  - component: {fileID: 518743811}
  - component: {fileID: 518743810}
  - component: {fileID: 518743809}
  - component: {fileID: 518743808}
  m_Layer: 0
  m_Name: Waypoint
  m_TagString: Untagged
  m_Icon: {fileID: 0}
  m_NavMeshLayer: 0
  m_StaticEditorFlags: 4294967295
  m_IsActive: 1
--- !u!136 &518743808
CapsuleCollider:
  m_ObjectHideFlags: 0
  m_CorrespondingSourceObject: {fileID: 0}
  m_PrefabInstance: {fileID: 0}
  m_PrefabAsset: {fileID: 0}
  m_GameObject: {fileID: 518743807}
  m_Material: {fileID: 0}
  m_IsTrigger: 0
  m_Enabled: 1
  m_Radius: 0.5000001
  m_Height: 2
  m_Direction: 1
  m_Center: {x: 0.000000059604645, y: 0, z: -0.00000008940697}
--- !u!23 &518743809
MeshRenderer:
  m_ObjectHideFlags: 0
  m_CorrespondingSourceObject: {fileID: 0}
  m_PrefabInstance: {fileID: 0}
  m_PrefabAsset: {fileID: 0}
  m_GameObject: {fileID: 518743807}
  m_Enabled: 1
  m_CastShadows: 1
  m_ReceiveShadows: 1
  m_DynamicOccludee: 1
  m_MotionVectors: 1
  m_LightProbeUsage: 1
  m_ReflectionProbeUsage: 1
  m_RenderingLayerMask: 1
  m_RendererPriority: 0
  m_Materials:
  - {fileID: 2100000, guid: 61ea2d91db4bf31448cf3db11c22d297, type: 2}
  m_StaticBatchInfo:
    firstSubMesh: 0
    subMeshCount: 0
  m_StaticBatchRoot: {fileID: 0}
  m_ProbeAnchor: {fileID: 0}
  m_LightProbeVolumeOverride: {fileID: 0}
  m_ScaleInLightmap: 1
  m_ReceiveGI: 1
  m_PreserveUVs: 0
  m_IgnoreNormalsForChartDetection: 0
  m_ImportantGI: 0
  m_StitchLightmapSeams: 1
  m_SelectedEditorRenderState: 3
  m_MinimumChartSize: 4
  m_AutoUVMaxDistance: 0.5
  m_AutoUVMaxAngle: 89
  m_LightmapParameters: {fileID: 0}
  m_SortingLayerID: 0
  m_SortingLayer: 0
  m_SortingOrder: 0
--- !u!33 &518743810
MeshFilter:
  m_ObjectHideFlags: 0
  m_CorrespondingSourceObject: {fileID: 0}
  m_PrefabInstance: {fileID: 0}
  m_PrefabAsset: {fileID: 0}
  m_GameObject: {fileID: 518743807}
  m_Mesh: {fileID: 10207, guid: 0000000000000000e000000000000000, type: 0}
--- !u!4 &518743811
Transform:
  m_ObjectHideFlags: 0
  m_CorrespondingSourceObject: {fileID: 0}
  m_PrefabInstance: {fileID: 0}
  m_PrefabAsset: {fileID: 0}
  m_GameObject: {fileID: 518743807}
  m_LocalRotation: {x: 0, y: 0, z: 0, w: 1}
  m_LocalPosition: {x: 0, y: 0, z: 0}
  m_LocalScale: {x: 1, y: 1, z: 1}
  m_Children: []
  m_Father: {fileID: 0}
  m_RootOrder: 9
  m_LocalEulerAnglesHint: {x: 0, y: 0, z: 0}
--- !u!4 &579049708 stripped
Transform:
  m_CorrespondingSourceObject: {fileID: 9060507205410180773, guid: cc491b6309a64d84684ab326fc228f67,
    type: 3}
  m_PrefabInstance: {fileID: 9060507204745129834}
  m_PrefabAsset: {fileID: 0}
--- !u!1 &808907719 stripped
GameObject:
  m_CorrespondingSourceObject: {fileID: 6954617007562747753, guid: 00fef12c2c493164ead3eb90129719bc,
    type: 3}
  m_PrefabInstance: {fileID: 1254460714}
  m_PrefabAsset: {fileID: 0}
--- !u!114 &808907720
MonoBehaviour:
  m_ObjectHideFlags: 0
  m_CorrespondingSourceObject: {fileID: 0}
  m_PrefabInstance: {fileID: 0}
  m_PrefabAsset: {fileID: 0}
  m_GameObject: {fileID: 808907719}
  m_Enabled: 1
  m_EditorHideFlags: 0
  m_Script: {fileID: 11500000, guid: 226ab7aacf1c43740b7eaa0dfccc62be, type: 3}
  m_Name: 
  m_EditorClassIdentifier: 
  _destination: {fileID: 518743807}
  _material: {fileID: 2100000, guid: fec5b939d2bdeb84393f8a644b528cfd, type: 2}
  _mesh: {fileID: 10207, guid: 0000000000000000e000000000000000, type: 0}
  _count: 5
  _speed: 1
--- !u!136 &808907721
CapsuleCollider:
  m_ObjectHideFlags: 0
  m_CorrespondingSourceObject: {fileID: 0}
  m_PrefabInstance: {fileID: 0}
  m_PrefabAsset: {fileID: 0}
  m_GameObject: {fileID: 808907719}
  m_Material: {fileID: 0}
  m_IsTrigger: 0
  m_Enabled: 1
  m_Radius: 0.5
  m_Height: 2
  m_Direction: 1
  m_Center: {x: 0, y: 0, z: 0}
--- !u!1 &821786058
GameObject:
  m_ObjectHideFlags: 0
  m_CorrespondingSourceObject: {fileID: 0}
  m_PrefabInstance: {fileID: 0}
  m_PrefabAsset: {fileID: 0}
  serializedVersion: 6
  m_Component:
  - component: {fileID: 821786059}
  m_Layer: 0
  m_Name: --Ingame--
  m_TagString: Untagged
  m_Icon: {fileID: 0}
  m_NavMeshLayer: 0
  m_StaticEditorFlags: 0
  m_IsActive: 1
--- !u!4 &821786059
Transform:
  m_ObjectHideFlags: 0
  m_CorrespondingSourceObject: {fileID: 0}
  m_PrefabInstance: {fileID: 0}
  m_PrefabAsset: {fileID: 0}
  m_GameObject: {fileID: 821786058}
  m_LocalRotation: {x: 0, y: 0, z: 0, w: 1}
  m_LocalPosition: {x: -1.5024973, y: 3.8759596, z: 6.1063094}
  m_LocalScale: {x: 1, y: 1, z: 1}
  m_Children: []
  m_Father: {fileID: 0}
  m_RootOrder: 5
  m_LocalEulerAnglesHint: {x: 0, y: 0, z: 0}
--- !u!4 &898292437 stripped
Transform:
  m_CorrespondingSourceObject: {fileID: 926428774855944697, guid: 6d9d6615db9d63a488e25307b598b3ff,
    type: 3}
  m_PrefabInstance: {fileID: 926428774274405718}
  m_PrefabAsset: {fileID: 0}
--- !u!1 &1020492026
GameObject:
  m_ObjectHideFlags: 19
  m_CorrespondingSourceObject: {fileID: 0}
  m_PrefabInstance: {fileID: 0}
  m_PrefabAsset: {fileID: 0}
  serializedVersion: 6
  m_Component:
  - component: {fileID: 1020492028}
  - component: {fileID: 1020492027}
  m_Layer: 0
  m_Name: SceneIDMap
  m_TagString: Untagged
  m_Icon: {fileID: 0}
  m_NavMeshLayer: 0
  m_StaticEditorFlags: 0
  m_IsActive: 1
--- !u!114 &1020492027
MonoBehaviour:
  m_ObjectHideFlags: 19
  m_CorrespondingSourceObject: {fileID: 0}
  m_PrefabInstance: {fileID: 0}
  m_PrefabAsset: {fileID: 0}
  m_GameObject: {fileID: 1020492026}
  m_Enabled: 1
  m_EditorHideFlags: 0
  m_Script: {fileID: 483944395}
  m_Name: 
  m_EditorClassIdentifier: 
  m_Entries: []
--- !u!4 &1020492028
Transform:
  m_ObjectHideFlags: 19
  m_CorrespondingSourceObject: {fileID: 0}
  m_PrefabInstance: {fileID: 0}
  m_PrefabAsset: {fileID: 0}
  m_GameObject: {fileID: 1020492026}
  m_LocalRotation: {x: 0, y: 0, z: 0, w: 1}
  m_LocalPosition: {x: 0, y: 0, z: 0}
  m_LocalScale: {x: 1, y: 1, z: 1}
  m_Children: []
  m_Father: {fileID: 0}
  m_RootOrder: 3
  m_LocalEulerAnglesHint: {x: 0, y: 0, z: 0}
--- !u!1 &1175752629
GameObject:
  m_ObjectHideFlags: 0
  m_CorrespondingSourceObject: {fileID: 0}
  m_PrefabInstance: {fileID: 0}
  m_PrefabAsset: {fileID: 0}
  serializedVersion: 6
  m_Component:
  - component: {fileID: 1175752634}
  - component: {fileID: 1175752633}
  - component: {fileID: 1175752632}
  - component: {fileID: 1175752631}
  - component: {fileID: 1175752630}
  m_Layer: 0
  m_Name: Unit
  m_TagString: Untagged
  m_Icon: {fileID: 0}
  m_NavMeshLayer: 0
  m_StaticEditorFlags: 0
  m_IsActive: 1
--- !u!114 &1175752630
MonoBehaviour:
  m_ObjectHideFlags: 0
  m_CorrespondingSourceObject: {fileID: 0}
  m_PrefabInstance: {fileID: 0}
  m_PrefabAsset: {fileID: 0}
  m_GameObject: {fileID: 1175752629}
  m_Enabled: 1
  m_EditorHideFlags: 0
  m_Script: {fileID: 11500000, guid: 5bf10cdea1344482e91a4f2b58506b77, type: 3}
  m_Name: 
  m_EditorClassIdentifier: 
--- !u!135 &1175752631
SphereCollider:
  m_ObjectHideFlags: 0
  m_CorrespondingSourceObject: {fileID: 0}
  m_PrefabInstance: {fileID: 0}
  m_PrefabAsset: {fileID: 0}
  m_GameObject: {fileID: 1175752629}
  m_Material: {fileID: 0}
  m_IsTrigger: 0
  m_Enabled: 1
  serializedVersion: 2
  m_Radius: 0.5
  m_Center: {x: 0, y: 0, z: 0}
--- !u!23 &1175752632
MeshRenderer:
  m_ObjectHideFlags: 0
  m_CorrespondingSourceObject: {fileID: 0}
  m_PrefabInstance: {fileID: 0}
  m_PrefabAsset: {fileID: 0}
  m_GameObject: {fileID: 1175752629}
  m_Enabled: 1
  m_CastShadows: 1
  m_ReceiveShadows: 1
  m_DynamicOccludee: 1
  m_MotionVectors: 1
  m_LightProbeUsage: 1
  m_ReflectionProbeUsage: 1
  m_RenderingLayerMask: 1
  m_RendererPriority: 0
  m_Materials:
  - {fileID: 2100000, guid: 73c176f402d2c2f4d929aa5da7585d17, type: 2}
  m_StaticBatchInfo:
    firstSubMesh: 0
    subMeshCount: 0
  m_StaticBatchRoot: {fileID: 0}
  m_ProbeAnchor: {fileID: 0}
  m_LightProbeVolumeOverride: {fileID: 0}
  m_ScaleInLightmap: 1
  m_ReceiveGI: 1
  m_PreserveUVs: 0
  m_IgnoreNormalsForChartDetection: 0
  m_ImportantGI: 0
  m_StitchLightmapSeams: 1
  m_SelectedEditorRenderState: 3
  m_MinimumChartSize: 4
  m_AutoUVMaxDistance: 0.5
  m_AutoUVMaxAngle: 89
  m_LightmapParameters: {fileID: 0}
  m_SortingLayerID: 0
  m_SortingLayer: 0
  m_SortingOrder: 0
--- !u!33 &1175752633
MeshFilter:
  m_ObjectHideFlags: 0
  m_CorrespondingSourceObject: {fileID: 0}
  m_PrefabInstance: {fileID: 0}
  m_PrefabAsset: {fileID: 0}
  m_GameObject: {fileID: 1175752629}
  m_Mesh: {fileID: 10207, guid: 0000000000000000e000000000000000, type: 0}
--- !u!4 &1175752634
Transform:
  m_ObjectHideFlags: 0
  m_CorrespondingSourceObject: {fileID: 0}
  m_PrefabInstance: {fileID: 0}
  m_PrefabAsset: {fileID: 0}
  m_GameObject: {fileID: 1175752629}
  m_LocalRotation: {x: 0, y: 0, z: 0, w: 1}
  m_LocalPosition: {x: -1, y: 0, z: 0}
  m_LocalScale: {x: 1, y: 1, z: 1}
  m_Children: []
  m_Father: {fileID: 0}
  m_RootOrder: 11
  m_LocalEulerAnglesHint: {x: 0, y: 0, z: 0}
--- !u!1001 &1254460714
PrefabInstance:
  m_ObjectHideFlags: 0
  serializedVersion: 2
  m_Modification:
    m_TransformParent: {fileID: 0}
    m_Modifications:
    - target: {fileID: 6954617007562747753, guid: 00fef12c2c493164ead3eb90129719bc,
        type: 3}
      propertyPath: m_Name
      value: Enemy
      objectReference: {fileID: 0}
    - target: {fileID: 6954617007562747753, guid: 00fef12c2c493164ead3eb90129719bc,
        type: 3}
      propertyPath: m_StaticEditorFlags
      value: 4294967295
      objectReference: {fileID: 0}
    - target: {fileID: 6954617007562747757, guid: 00fef12c2c493164ead3eb90129719bc,
        type: 3}
      propertyPath: m_LocalPosition.x
      value: 10
      objectReference: {fileID: 0}
    - target: {fileID: 6954617007562747757, guid: 00fef12c2c493164ead3eb90129719bc,
        type: 3}
      propertyPath: m_LocalPosition.y
      value: 0
      objectReference: {fileID: 0}
    - target: {fileID: 6954617007562747757, guid: 00fef12c2c493164ead3eb90129719bc,
        type: 3}
      propertyPath: m_LocalPosition.z
      value: 10
      objectReference: {fileID: 0}
    - target: {fileID: 6954617007562747757, guid: 00fef12c2c493164ead3eb90129719bc,
        type: 3}
      propertyPath: m_LocalRotation.x
      value: 0
      objectReference: {fileID: 0}
    - target: {fileID: 6954617007562747757, guid: 00fef12c2c493164ead3eb90129719bc,
        type: 3}
      propertyPath: m_LocalRotation.y
      value: 0
      objectReference: {fileID: 0}
    - target: {fileID: 6954617007562747757, guid: 00fef12c2c493164ead3eb90129719bc,
        type: 3}
      propertyPath: m_LocalRotation.z
      value: 0
      objectReference: {fileID: 0}
    - target: {fileID: 6954617007562747757, guid: 00fef12c2c493164ead3eb90129719bc,
        type: 3}
      propertyPath: m_LocalRotation.w
      value: 1
      objectReference: {fileID: 0}
    - target: {fileID: 6954617007562747757, guid: 00fef12c2c493164ead3eb90129719bc,
        type: 3}
      propertyPath: m_RootOrder
      value: 8
      objectReference: {fileID: 0}
    - target: {fileID: 6954617007562747757, guid: 00fef12c2c493164ead3eb90129719bc,
        type: 3}
      propertyPath: m_LocalEulerAnglesHint.x
      value: 0
      objectReference: {fileID: 0}
    - target: {fileID: 6954617007562747757, guid: 00fef12c2c493164ead3eb90129719bc,
        type: 3}
      propertyPath: m_LocalEulerAnglesHint.y
      value: 0
      objectReference: {fileID: 0}
    - target: {fileID: 6954617007562747757, guid: 00fef12c2c493164ead3eb90129719bc,
        type: 3}
      propertyPath: m_LocalEulerAnglesHint.z
      value: 0
      objectReference: {fileID: 0}
    - target: {fileID: 6954617007562747759, guid: 00fef12c2c493164ead3eb90129719bc,
        type: 3}
      propertyPath: m_Materials.Array.data[0]
      value: 
      objectReference: {fileID: 2100000, guid: fec5b939d2bdeb84393f8a644b528cfd, type: 2}
    m_RemovedComponents:
    - {fileID: 6954617007562747746, guid: 00fef12c2c493164ead3eb90129719bc, type: 3}
  m_SourcePrefab: {fileID: 100100000, guid: 00fef12c2c493164ead3eb90129719bc, type: 3}
--- !u!1 &1427772735
GameObject:
  m_ObjectHideFlags: 0
  m_CorrespondingSourceObject: {fileID: 0}
  m_PrefabInstance: {fileID: 0}
  m_PrefabAsset: {fileID: 0}
  serializedVersion: 6
  m_Component:
  - component: {fileID: 1427772739}
  - component: {fileID: 1427772738}
  - component: {fileID: 1427772737}
  - component: {fileID: 1427772736}
  m_Layer: 0
  m_Name: Directional Light
  m_TagString: Untagged
  m_Icon: {fileID: 0}
  m_NavMeshLayer: 0
  m_StaticEditorFlags: 0
  m_IsActive: 1
--- !u!114 &1427772736
MonoBehaviour:
  m_ObjectHideFlags: 0
  m_CorrespondingSourceObject: {fileID: 0}
  m_PrefabInstance: {fileID: 0}
  m_PrefabAsset: {fileID: 0}
  m_GameObject: {fileID: 1427772735}
  m_Enabled: 1
  m_EditorHideFlags: 0
  m_Script: {fileID: 11500000, guid: c6c2871f720b2af4e9210febdac74517, type: 3}
  m_Name: 
  m_EditorClassIdentifier: 
  m_Version: 1
  shadowResolution: 512
  shadowDimmer: 1
  volumetricShadowDimmer: 1
  shadowFadeDistance: 10000
  contactShadows: 0
  shadowTint: {r: 0, g: 0, b: 0, a: 1}
  viewBiasMin: 0.2
  viewBiasMax: 100
  viewBiasScale: 1
  normalBiasMin: 0.5
  normalBiasMax: 0.5
  normalBiasScale: 1
  sampleBiasScale: 0
  edgeLeakFixup: 0
  edgeToleranceNormal: 1
  edgeTolerance: 1
  shadowCascadeCount: 4
  shadowCascadeRatios:
  - 0.05
  - 0.2
  - 0.3
  shadowCascadeBorders:
  - 0.2
  - 0.2
  - 0.2
  - 0.2
  shadowAlgorithm: 0
  shadowVariant: 0
  shadowPrecision: 0
--- !u!114 &1427772737
MonoBehaviour:
  m_ObjectHideFlags: 0
  m_CorrespondingSourceObject: {fileID: 0}
  m_PrefabInstance: {fileID: 0}
  m_PrefabAsset: {fileID: 0}
  m_GameObject: {fileID: 1427772735}
  m_Enabled: 1
  m_EditorHideFlags: 0
  m_Script: {fileID: 11500000, guid: 7a68c43fe1f2a47cfa234b5eeaa98012, type: 3}
  m_Name: 
  m_EditorClassIdentifier: 
  version: 5
  m_Version: 5
  directionalIntensity: 3.1415927
  punctualIntensity: 600
  areaIntensity: 200
  enableSpotReflector: 0
  luxAtDistance: 1
  m_InnerSpotPercent: 0
  lightDimmer: 1
  m_VolumetricDimmer: 1
  lightUnit: 2
  fadeDistance: 10000
  affectDiffuse: 1
  affectSpecular: 1
  nonLightmappedOnly: 0
  lightTypeExtent: 0
  m_SpotLightShape: 0
  shapeWidth: 0.5
  shapeHeight: 0.5
  aspectRatio: 1
  shapeRadius: 0
  maxSmoothness: 0.99
  applyRangeAttenuation: 1
  useOldInspector: 0
  useVolumetric: 1
  featuresFoldout: 1
  showAdditionalSettings: 0
  displayLightIntensity: 3.1415927
  displayAreaLightEmissiveMesh: 0
  areaLightCookie: {fileID: 0}
  areaLightShadowCone: 120
  useScreenSpaceShadows: 0
  evsmExponent: 15
  evsmLightLeakBias: 0
  evsmVarianceBias: 0.00001
  evsmBlurPasses: 0
  lightLayers: 1
  lightlayersMask: 1
  linkShadowLayers: 1
  shadowNearPlane: 0.1
  shadowSoftness: 0.5
  blockerSampleCount: 24
  filterSampleCount: 16
  minFilterSize: 0.00001
  kernelSize: 5
  lightAngle: 1
  maxDepthBias: 0.001
--- !u!108 &1427772738
Light:
  m_ObjectHideFlags: 0
  m_CorrespondingSourceObject: {fileID: 0}
  m_PrefabInstance: {fileID: 0}
  m_PrefabAsset: {fileID: 0}
  m_GameObject: {fileID: 1427772735}
  m_Enabled: 1
  serializedVersion: 9
  m_Type: 1
  m_Color: {r: 1, g: 1, b: 1, a: 1}
  m_Intensity: 3.1415927
  m_Range: 10
  m_SpotAngle: 30
  m_InnerSpotAngle: 21.80208
  m_CookieSize: 10
  m_Shadows:
    m_Type: 0
    m_Resolution: -1
    m_CustomResolution: -1
    m_Strength: 1
    m_Bias: 0.05
    m_NormalBias: 0.4
    m_NearPlane: 0.2
    m_CullingMatrixOverride:
      e00: 1
      e01: 0
      e02: 0
      e03: 0
      e10: 0
      e11: 1
      e12: 0
      e13: 0
      e20: 0
      e21: 0
      e22: 1
      e23: 0
      e30: 0
      e31: 0
      e32: 0
      e33: 1
    m_UseCullingMatrixOverride: 0
  m_Cookie: {fileID: 0}
  m_DrawHalo: 0
  m_Flare: {fileID: 0}
  m_RenderMode: 0
  m_CullingMask:
    serializedVersion: 2
    m_Bits: 4294967295
  m_RenderingLayerMask: 1
  m_Lightmapping: 4
  m_LightShadowCasterMode: 2
  m_AreaSize: {x: 1, y: 1}
  m_BounceIntensity: 1
  m_ColorTemperature: 6570
  m_UseColorTemperature: 0
  m_BoundingSphereOverride: {x: 4.5904e-41, y: 0, z: 0, w: -1.29878186e-23}
  m_UseBoundingSphereOverride: 0
  m_ShadowRadius: 0
  m_ShadowAngle: 0
--- !u!4 &1427772739
Transform:
  m_ObjectHideFlags: 0
  m_CorrespondingSourceObject: {fileID: 0}
  m_PrefabInstance: {fileID: 0}
  m_PrefabAsset: {fileID: 0}
  m_GameObject: {fileID: 1427772735}
  m_LocalRotation: {x: 0.40821788, y: -0.23456968, z: 0.10938163, w: 0.8754261}
  m_LocalPosition: {x: 12.94, y: -3.911204, z: 4.06}
  m_LocalScale: {x: 1, y: 1, z: 1}
  m_Children: []
  m_Father: {fileID: 0}
  m_RootOrder: 6
  m_LocalEulerAnglesHint: {x: 50, y: -30, z: 0}
--- !u!1 &1787132818
GameObject:
  m_ObjectHideFlags: 0
  m_CorrespondingSourceObject: {fileID: 0}
  m_PrefabInstance: {fileID: 0}
  m_PrefabAsset: {fileID: 0}
  serializedVersion: 6
  m_Component:
  - component: {fileID: 1787132820}
  - component: {fileID: 1787132819}
  m_Layer: 0
  m_Name: EntityController
  m_TagString: Untagged
  m_Icon: {fileID: 0}
  m_NavMeshLayer: 0
  m_StaticEditorFlags: 0
  m_IsActive: 0
--- !u!114 &1787132819
MonoBehaviour:
  m_ObjectHideFlags: 0
  m_CorrespondingSourceObject: {fileID: 0}
  m_PrefabInstance: {fileID: 0}
  m_PrefabAsset: {fileID: 0}
  m_GameObject: {fileID: 1787132818}
  m_Enabled: 1
  m_EditorHideFlags: 0
  m_Script: {fileID: 11500000, guid: 226ab7aacf1c43740b7eaa0dfccc62be, type: 3}
  m_Name: 
  m_EditorClassIdentifier: 
  _destination: {fileID: 518743807}
  _material: {fileID: 2100000, guid: 61ea2d91db4bf31448cf3db11c22d297, type: 2}
  _mesh: {fileID: 10207, guid: 0000000000000000e000000000000000, type: 0}
  _count: 0
  _speed: 0
--- !u!4 &1787132820
Transform:
  m_ObjectHideFlags: 0
  m_CorrespondingSourceObject: {fileID: 0}
  m_PrefabInstance: {fileID: 0}
  m_PrefabAsset: {fileID: 0}
  m_GameObject: {fileID: 1787132818}
  m_LocalRotation: {x: 0, y: 0, z: 0, w: 1}
  m_LocalPosition: {x: -2.002786, y: 5.905833, z: 5.272711}
  m_LocalScale: {x: 1, y: 1, z: 1}
  m_Children: []
  m_Father: {fileID: 0}
  m_RootOrder: 10
  m_LocalEulerAnglesHint: {x: 0, y: 0, z: 0}
--- !u!1 &1847340766
GameObject:
  m_ObjectHideFlags: 19
  m_CorrespondingSourceObject: {fileID: 0}
  m_PrefabInstance: {fileID: 0}
  m_PrefabAsset: {fileID: 0}
  serializedVersion: 6
  m_Component:
  - component: {fileID: 1847340768}
  - component: {fileID: 1847340767}
  m_Layer: 0
  m_Name: SceneIDMap
  m_TagString: Untagged
  m_Icon: {fileID: 0}
  m_NavMeshLayer: 0
  m_StaticEditorFlags: 0
  m_IsActive: 1
--- !u!114 &1847340767
MonoBehaviour:
  m_ObjectHideFlags: 19
  m_CorrespondingSourceObject: {fileID: 0}
  m_PrefabInstance: {fileID: 0}
  m_PrefabAsset: {fileID: 0}
  m_GameObject: {fileID: 1847340766}
  m_Enabled: 1
  m_EditorHideFlags: 0
  m_Script: {fileID: 483944395}
  m_Name: 
  m_EditorClassIdentifier: 
  m_Entries: []
--- !u!4 &1847340768
Transform:
  m_ObjectHideFlags: 19
  m_CorrespondingSourceObject: {fileID: 0}
  m_PrefabInstance: {fileID: 0}
  m_PrefabAsset: {fileID: 0}
  m_GameObject: {fileID: 1847340766}
  m_LocalRotation: {x: 0, y: 0, z: 0, w: 1}
  m_LocalPosition: {x: 0, y: 0, z: 0}
  m_LocalScale: {x: 1, y: 1, z: 1}
  m_Children: []
  m_Father: {fileID: 0}
  m_RootOrder: 2
  m_LocalEulerAnglesHint: {x: 0, y: 0, z: 0}
--- !u!114 &1888602365
MonoBehaviour:
  m_ObjectHideFlags: 0
  m_CorrespondingSourceObject: {fileID: 0}
  m_PrefabInstance: {fileID: 0}
  m_PrefabAsset: {fileID: 0}
  m_GameObject: {fileID: 0}
  m_Enabled: 1
  m_EditorHideFlags: 0
  m_Script: {fileID: 11500000, guid: 3df29e7cc05fbec4aa43e06ea875565d, type: 3}
  m_Name: 
  m_EditorClassIdentifier: 
  active: 1
  m_AdvancedMode: 0
  rotation:
    m_OverrideState: 0
    m_Value: 0
    min: 0
    max: 360
  skyIntensityMode:
    m_OverrideState: 0
    m_Value: 0
  exposure:
    m_OverrideState: 0
    m_Value: 12
  multiplier:
    m_OverrideState: 0
    m_Value: 1
    min: 0
  upperHemisphereLuxValue:
    m_OverrideState: 0
    m_Value: 1
    min: 0
  desiredLuxValue:
    m_OverrideState: 0
    m_Value: 20000
  updateMode:
    m_OverrideState: 0
    m_Value: 0
  updatePeriod:
    m_OverrideState: 0
    m_Value: 0
    min: 0
  includeSunInBaking:
    m_OverrideState: 0
    m_Value: 0
  sunSize:
    m_OverrideState: 0
    m_Value: 0.04
    min: 0
    max: 1
  sunSizeConvergence:
    m_OverrideState: 0
    m_Value: 5
    min: 1
    max: 10
  atmosphereThickness:
    m_OverrideState: 0
    m_Value: 1
    min: 0
    max: 5
  skyTint:
    m_OverrideState: 0
    m_Value: {r: 0.5, g: 0.5, b: 0.5, a: 1}
    hdr: 0
    showAlpha: 1
    showEyeDropper: 1
  groundColor:
    m_OverrideState: 0
    m_Value: {r: 0.369, g: 0.349, b: 0.341, a: 1}
    hdr: 0
    showAlpha: 1
    showEyeDropper: 1
  enableSunDisk:
    m_OverrideState: 0
    m_Value: 0
--- !u!1 &2123458758 stripped
GameObject:
  m_CorrespondingSourceObject: {fileID: 6954617007562747753, guid: 00fef12c2c493164ead3eb90129719bc,
    type: 3}
  m_PrefabInstance: {fileID: 6954617006987956250}
  m_PrefabAsset: {fileID: 0}
--- !u!114 &2123458759
MonoBehaviour:
  m_ObjectHideFlags: 0
  m_CorrespondingSourceObject: {fileID: 0}
  m_PrefabInstance: {fileID: 0}
  m_PrefabAsset: {fileID: 0}
  m_GameObject: {fileID: 2123458758}
  m_Enabled: 1
  m_EditorHideFlags: 0
  m_Script: {fileID: 11500000, guid: 226ab7aacf1c43740b7eaa0dfccc62be, type: 3}
  m_Name: 
  m_EditorClassIdentifier: 
  _destination: {fileID: 518743807}
  _material: {fileID: 2100000, guid: 55e7cdeb098a6a540baab472954ffdb2, type: 2}
  _mesh: {fileID: 10207, guid: 0000000000000000e000000000000000, type: 0}
  _count: 5
  _speed: 1
--- !u!136 &2123458760
CapsuleCollider:
  m_ObjectHideFlags: 0
  m_CorrespondingSourceObject: {fileID: 0}
  m_PrefabInstance: {fileID: 0}
  m_PrefabAsset: {fileID: 0}
  m_GameObject: {fileID: 2123458758}
  m_Material: {fileID: 0}
  m_IsTrigger: 0
  m_Enabled: 1
  m_Radius: 0.5
  m_Height: 2
  m_Direction: 1
  m_Center: {x: 0, y: 0, z: 0}
--- !u!1001 &926428774274405718
PrefabInstance:
  m_ObjectHideFlags: 0
  serializedVersion: 2
  m_Modification:
    m_TransformParent: {fileID: 480599361}
    m_Modifications:
    - target: {fileID: 926428774855944699, guid: 6d9d6615db9d63a488e25307b598b3ff,
        type: 3}
      propertyPath: m_Name
      value: Scene Post-process
      objectReference: {fileID: 0}
    - target: {fileID: 926428774855944697, guid: 6d9d6615db9d63a488e25307b598b3ff,
        type: 3}
      propertyPath: m_LocalPosition.x
      value: 10.502498
      objectReference: {fileID: 0}
    - target: {fileID: 926428774855944697, guid: 6d9d6615db9d63a488e25307b598b3ff,
        type: 3}
      propertyPath: m_LocalPosition.y
      value: -0.87595963
      objectReference: {fileID: 0}
    - target: {fileID: 926428774855944697, guid: 6d9d6615db9d63a488e25307b598b3ff,
        type: 3}
      propertyPath: m_LocalPosition.z
      value: -6.1063094
      objectReference: {fileID: 0}
    - target: {fileID: 926428774855944697, guid: 6d9d6615db9d63a488e25307b598b3ff,
        type: 3}
      propertyPath: m_LocalRotation.x
      value: -0
      objectReference: {fileID: 0}
    - target: {fileID: 926428774855944697, guid: 6d9d6615db9d63a488e25307b598b3ff,
        type: 3}
      propertyPath: m_LocalRotation.y
      value: -0
      objectReference: {fileID: 0}
    - target: {fileID: 926428774855944697, guid: 6d9d6615db9d63a488e25307b598b3ff,
        type: 3}
      propertyPath: m_LocalRotation.z
      value: -0
      objectReference: {fileID: 0}
    - target: {fileID: 926428774855944697, guid: 6d9d6615db9d63a488e25307b598b3ff,
        type: 3}
      propertyPath: m_LocalRotation.w
      value: 1
      objectReference: {fileID: 0}
    - target: {fileID: 926428774855944697, guid: 6d9d6615db9d63a488e25307b598b3ff,
        type: 3}
      propertyPath: m_RootOrder
      value: 1
      objectReference: {fileID: 0}
    - target: {fileID: 926428774855944697, guid: 6d9d6615db9d63a488e25307b598b3ff,
        type: 3}
      propertyPath: m_LocalEulerAnglesHint.x
      value: 0
      objectReference: {fileID: 0}
    - target: {fileID: 926428774855944697, guid: 6d9d6615db9d63a488e25307b598b3ff,
        type: 3}
      propertyPath: m_LocalEulerAnglesHint.y
      value: 0
      objectReference: {fileID: 0}
    - target: {fileID: 926428774855944697, guid: 6d9d6615db9d63a488e25307b598b3ff,
        type: 3}
      propertyPath: m_LocalEulerAnglesHint.z
      value: 0
      objectReference: {fileID: 0}
    m_RemovedComponents: []
  m_SourcePrefab: {fileID: 100100000, guid: 6d9d6615db9d63a488e25307b598b3ff, type: 3}
--- !u!1001 &3616874430880331148
PrefabInstance:
  m_ObjectHideFlags: 0
  serializedVersion: 2
  m_Modification:
    m_TransformParent: {fileID: 480599361}
    m_Modifications:
    - target: {fileID: 3616874430685265866, guid: 88bdc04110dce1541bc92d8299e03a9f,
        type: 3}
      propertyPath: m_Name
      value: Rendering Settings
      objectReference: {fileID: 0}
    - target: {fileID: 3616874430685265861, guid: 88bdc04110dce1541bc92d8299e03a9f,
        type: 3}
      propertyPath: m_LocalPosition.x
      value: 10.502498
      objectReference: {fileID: 0}
    - target: {fileID: 3616874430685265861, guid: 88bdc04110dce1541bc92d8299e03a9f,
        type: 3}
      propertyPath: m_LocalPosition.y
      value: -0.87595963
      objectReference: {fileID: 0}
    - target: {fileID: 3616874430685265861, guid: 88bdc04110dce1541bc92d8299e03a9f,
        type: 3}
      propertyPath: m_LocalPosition.z
      value: -6.1063094
      objectReference: {fileID: 0}
    - target: {fileID: 3616874430685265861, guid: 88bdc04110dce1541bc92d8299e03a9f,
        type: 3}
      propertyPath: m_LocalRotation.x
      value: -0
      objectReference: {fileID: 0}
    - target: {fileID: 3616874430685265861, guid: 88bdc04110dce1541bc92d8299e03a9f,
        type: 3}
      propertyPath: m_LocalRotation.y
      value: -0
      objectReference: {fileID: 0}
    - target: {fileID: 3616874430685265861, guid: 88bdc04110dce1541bc92d8299e03a9f,
        type: 3}
      propertyPath: m_LocalRotation.z
      value: -0
      objectReference: {fileID: 0}
    - target: {fileID: 3616874430685265861, guid: 88bdc04110dce1541bc92d8299e03a9f,
        type: 3}
      propertyPath: m_LocalRotation.w
      value: 1
      objectReference: {fileID: 0}
    - target: {fileID: 3616874430685265861, guid: 88bdc04110dce1541bc92d8299e03a9f,
        type: 3}
      propertyPath: m_RootOrder
      value: 2
      objectReference: {fileID: 0}
    - target: {fileID: 3616874430685265861, guid: 88bdc04110dce1541bc92d8299e03a9f,
        type: 3}
      propertyPath: m_LocalEulerAnglesHint.x
      value: 0
      objectReference: {fileID: 0}
    - target: {fileID: 3616874430685265861, guid: 88bdc04110dce1541bc92d8299e03a9f,
        type: 3}
      propertyPath: m_LocalEulerAnglesHint.y
      value: 0
      objectReference: {fileID: 0}
    - target: {fileID: 3616874430685265861, guid: 88bdc04110dce1541bc92d8299e03a9f,
        type: 3}
      propertyPath: m_LocalEulerAnglesHint.z
      value: 0
      objectReference: {fileID: 0}
    m_RemovedComponents: []
  m_SourcePrefab: {fileID: 100100000, guid: 88bdc04110dce1541bc92d8299e03a9f, type: 3}
--- !u!1001 &6954617006987956250
PrefabInstance:
  m_ObjectHideFlags: 0
  serializedVersion: 2
  m_Modification:
    m_TransformParent: {fileID: 0}
    m_Modifications:
    - target: {fileID: 6954617007562747753, guid: 00fef12c2c493164ead3eb90129719bc,
        type: 3}
      propertyPath: m_Name
      value: Player
      objectReference: {fileID: 0}
    - target: {fileID: 6954617007562747753, guid: 00fef12c2c493164ead3eb90129719bc,
        type: 3}
      propertyPath: m_StaticEditorFlags
      value: 4294967295
      objectReference: {fileID: 0}
    - target: {fileID: 6954617007562747757, guid: 00fef12c2c493164ead3eb90129719bc,
        type: 3}
      propertyPath: m_LocalPosition.x
      value: -10
      objectReference: {fileID: 0}
    - target: {fileID: 6954617007562747757, guid: 00fef12c2c493164ead3eb90129719bc,
        type: 3}
      propertyPath: m_LocalPosition.y
      value: 0
      objectReference: {fileID: 0}
    - target: {fileID: 6954617007562747757, guid: 00fef12c2c493164ead3eb90129719bc,
        type: 3}
      propertyPath: m_LocalPosition.z
      value: -10
      objectReference: {fileID: 0}
    - target: {fileID: 6954617007562747757, guid: 00fef12c2c493164ead3eb90129719bc,
        type: 3}
      propertyPath: m_LocalRotation.x
      value: 0
      objectReference: {fileID: 0}
    - target: {fileID: 6954617007562747757, guid: 00fef12c2c493164ead3eb90129719bc,
        type: 3}
      propertyPath: m_LocalRotation.y
      value: 0
      objectReference: {fileID: 0}
    - target: {fileID: 6954617007562747757, guid: 00fef12c2c493164ead3eb90129719bc,
        type: 3}
      propertyPath: m_LocalRotation.z
      value: 0
      objectReference: {fileID: 0}
    - target: {fileID: 6954617007562747757, guid: 00fef12c2c493164ead3eb90129719bc,
        type: 3}
      propertyPath: m_LocalRotation.w
      value: 1
      objectReference: {fileID: 0}
    - target: {fileID: 6954617007562747757, guid: 00fef12c2c493164ead3eb90129719bc,
        type: 3}
      propertyPath: m_RootOrder
      value: 7
      objectReference: {fileID: 0}
    - target: {fileID: 6954617007562747757, guid: 00fef12c2c493164ead3eb90129719bc,
        type: 3}
      propertyPath: m_LocalEulerAnglesHint.x
      value: 0
      objectReference: {fileID: 0}
    - target: {fileID: 6954617007562747757, guid: 00fef12c2c493164ead3eb90129719bc,
        type: 3}
      propertyPath: m_LocalEulerAnglesHint.y
      value: 0
      objectReference: {fileID: 0}
    - target: {fileID: 6954617007562747757, guid: 00fef12c2c493164ead3eb90129719bc,
        type: 3}
      propertyPath: m_LocalEulerAnglesHint.z
      value: 0
      objectReference: {fileID: 0}
    - target: {fileID: 6954617007562747759, guid: 00fef12c2c493164ead3eb90129719bc,
        type: 3}
      propertyPath: m_Materials.Array.data[0]
      value: 
      objectReference: {fileID: 2100000, guid: 55e7cdeb098a6a540baab472954ffdb2, type: 2}
    - target: {fileID: 6954617007562747746, guid: 00fef12c2c493164ead3eb90129719bc,
        type: 3}
      propertyPath: _speed
      value: 1
      objectReference: {fileID: 0}
    m_RemovedComponents:
    - {fileID: 6954617007562747746, guid: 00fef12c2c493164ead3eb90129719bc, type: 3}
  m_SourcePrefab: {fileID: 100100000, guid: 00fef12c2c493164ead3eb90129719bc, type: 3}
--- !u!1001 &7918467138027542369
PrefabInstance:
  m_ObjectHideFlags: 0
  serializedVersion: 2
  m_Modification:
    m_TransformParent: {fileID: 0}
    m_Modifications:
    - target: {fileID: 7918467136738346249, guid: 7c36e9e3057bad142b64eaf39c1b5351,
        type: 3}
      propertyPath: m_Name
      value: Main Camera
      objectReference: {fileID: 0}
    - target: {fileID: 7918467136738346253, guid: 7c36e9e3057bad142b64eaf39c1b5351,
        type: 3}
      propertyPath: m_LocalPosition.x
      value: 0
      objectReference: {fileID: 0}
    - target: {fileID: 7918467136738346253, guid: 7c36e9e3057bad142b64eaf39c1b5351,
        type: 3}
      propertyPath: m_LocalPosition.y
      value: 38.1
      objectReference: {fileID: 0}
    - target: {fileID: 7918467136738346253, guid: 7c36e9e3057bad142b64eaf39c1b5351,
        type: 3}
      propertyPath: m_LocalPosition.z
      value: 23.6
      objectReference: {fileID: 0}
    - target: {fileID: 7918467136738346253, guid: 7c36e9e3057bad142b64eaf39c1b5351,
        type: 3}
      propertyPath: m_LocalRotation.x
      value: -0
      objectReference: {fileID: 0}
    - target: {fileID: 7918467136738346253, guid: 7c36e9e3057bad142b64eaf39c1b5351,
        type: 3}
      propertyPath: m_LocalRotation.y
      value: 0.8660259
      objectReference: {fileID: 0}
    - target: {fileID: 7918467136738346253, guid: 7c36e9e3057bad142b64eaf39c1b5351,
        type: 3}
      propertyPath: m_LocalRotation.z
      value: -0.49999917
      objectReference: {fileID: 0}
    - target: {fileID: 7918467136738346253, guid: 7c36e9e3057bad142b64eaf39c1b5351,
        type: 3}
      propertyPath: m_LocalRotation.w
      value: 0
      objectReference: {fileID: 0}
    - target: {fileID: 7918467136738346253, guid: 7c36e9e3057bad142b64eaf39c1b5351,
        type: 3}
      propertyPath: m_RootOrder
      value: 0
      objectReference: {fileID: 0}
    - target: {fileID: 7918467136738346253, guid: 7c36e9e3057bad142b64eaf39c1b5351,
        type: 3}
      propertyPath: m_LocalEulerAnglesHint.x
      value: 60.000004
      objectReference: {fileID: 0}
    - target: {fileID: 7918467136738346253, guid: 7c36e9e3057bad142b64eaf39c1b5351,
        type: 3}
      propertyPath: m_LocalEulerAnglesHint.y
      value: 180.00002
      objectReference: {fileID: 0}
    - target: {fileID: 7918467136738346253, guid: 7c36e9e3057bad142b64eaf39c1b5351,
        type: 3}
      propertyPath: m_LocalEulerAnglesHint.z
      value: 0
      objectReference: {fileID: 0}
    - target: {fileID: 7918467136738346251, guid: 7c36e9e3057bad142b64eaf39c1b5351,
        type: 3}
      propertyPath: clearColorMode
      value: 0
      objectReference: {fileID: 0}
    - target: {fileID: 7918467136738346251, guid: 7c36e9e3057bad142b64eaf39c1b5351,
        type: 3}
      propertyPath: backgroundColorHDR.r
      value: 0.057271283
      objectReference: {fileID: 0}
    - target: {fileID: 7918467136738346251, guid: 7c36e9e3057bad142b64eaf39c1b5351,
        type: 3}
      propertyPath: backgroundColorHDR.g
      value: 0.12985694
      objectReference: {fileID: 0}
    - target: {fileID: 7918467136738346251, guid: 7c36e9e3057bad142b64eaf39c1b5351,
        type: 3}
      propertyPath: backgroundColorHDR.b
      value: 0.31132078
      objectReference: {fileID: 0}
    m_RemovedComponents: []
  m_SourcePrefab: {fileID: 100100000, guid: 7c36e9e3057bad142b64eaf39c1b5351, type: 3}
--- !u!1001 &9060507204745129834
PrefabInstance:
  m_ObjectHideFlags: 0
  serializedVersion: 2
  m_Modification:
    m_TransformParent: {fileID: 480599361}
    m_Modifications:
    - target: {fileID: 9060507205410180774, guid: cc491b6309a64d84684ab326fc228f67,
        type: 3}
      propertyPath: m_Name
      value: Default Post-process
      objectReference: {fileID: 0}
    - target: {fileID: 9060507205410180773, guid: cc491b6309a64d84684ab326fc228f67,
        type: 3}
      propertyPath: m_LocalPosition.x
      value: 10.502498
      objectReference: {fileID: 0}
    - target: {fileID: 9060507205410180773, guid: cc491b6309a64d84684ab326fc228f67,
        type: 3}
      propertyPath: m_LocalPosition.y
      value: -0.87595963
      objectReference: {fileID: 0}
    - target: {fileID: 9060507205410180773, guid: cc491b6309a64d84684ab326fc228f67,
        type: 3}
      propertyPath: m_LocalPosition.z
      value: -6.1063094
      objectReference: {fileID: 0}
    - target: {fileID: 9060507205410180773, guid: cc491b6309a64d84684ab326fc228f67,
        type: 3}
      propertyPath: m_LocalRotation.x
      value: -0
      objectReference: {fileID: 0}
    - target: {fileID: 9060507205410180773, guid: cc491b6309a64d84684ab326fc228f67,
        type: 3}
      propertyPath: m_LocalRotation.y
      value: -0
      objectReference: {fileID: 0}
    - target: {fileID: 9060507205410180773, guid: cc491b6309a64d84684ab326fc228f67,
        type: 3}
      propertyPath: m_LocalRotation.z
      value: -0
      objectReference: {fileID: 0}
    - target: {fileID: 9060507205410180773, guid: cc491b6309a64d84684ab326fc228f67,
        type: 3}
      propertyPath: m_LocalRotation.w
      value: 1
      objectReference: {fileID: 0}
    - target: {fileID: 9060507205410180773, guid: cc491b6309a64d84684ab326fc228f67,
        type: 3}
      propertyPath: m_RootOrder
      value: 0
      objectReference: {fileID: 0}
    - target: {fileID: 9060507205410180773, guid: cc491b6309a64d84684ab326fc228f67,
        type: 3}
      propertyPath: m_LocalEulerAnglesHint.x
      value: 0
      objectReference: {fileID: 0}
    - target: {fileID: 9060507205410180773, guid: cc491b6309a64d84684ab326fc228f67,
        type: 3}
      propertyPath: m_LocalEulerAnglesHint.y
      value: 0
      objectReference: {fileID: 0}
    - target: {fileID: 9060507205410180773, guid: cc491b6309a64d84684ab326fc228f67,
        type: 3}
      propertyPath: m_LocalEulerAnglesHint.z
      value: 0
      objectReference: {fileID: 0}
    - target: {fileID: 9060507205410180775, guid: cc491b6309a64d84684ab326fc228f67,
        type: 3}
      propertyPath: weight
      value: 1
      objectReference: {fileID: 0}
    m_RemovedComponents: []
  m_SourcePrefab: {fileID: 100100000, guid: cc491b6309a64d84684ab326fc228f67, type: 3}
